<DataPDU xmlns="urn:cma:stp:xsd:stp.1.0">
<Body>
<AppHdr xmlns="urn:iso:std:iso:20022:tech:xsd:head.001.001.01" xmlns:xsi="http://www.w3.org/2001/XMLSchema-instance">
<Fr>
<FIId>
<FinInstnId>
<BICFI>BARBMUM0ANRT</BICFI>
</FinInstnId>
</FIId>
</Fr>
<To>
<FIId>
<FinInstnId>
<BICFI>BOMMMUPLXIPS</BICFI>
</FinInstnId>
</FIId>
</To>
<BizMsgIdr>BIZ-3894395831064705</BizMsgIdr>
<MsgDefIdr>pacs.008.001.08</MsgDefIdr>
<BizSvc>ACH</BizSvc>
<CreDt>2020-01-27T15:13:58.650Z</CreDt>
</AppHdr>
<Document xmlns="urn:iso:std:iso:20022:tech:xsd:pacs.008.001.08">
<FIToFICstmrCdtTrf>
<GrpHdr>
<MsgId>TSTASNRT0127B001</MsgId>
<CreDtTm>2020-01-27T15:13:51</CreDtTm>
<NbOfTxs>1</NbOfTxs>
<TtlIntrBkSttlmAmt Ccy="MUR">10.00</TtlIntrBkSttlmAmt>
<IntrBkSttlmDt>2020-01-27</IntrBkSttlmDt>
<SttlmInf>
<SttlmMtd>CLRG</SttlmMtd>
</SttlmInf>
</GrpHdr>
<CdtTrfTxInf>
<PmtId>
<InstrId>NONREF</InstrId>
<EndToEndId>NOTPROVIDED</EndToEndId>
<TxId>TSTASNRT0127B001</TxId>
</PmtId>
<PmtTpInf>
<ClrChanl>RTNS</ClrChanl>
<SvcLvl>
<Prtry>0100</Prtry>
</SvcLvl>
<LclInstrm>
<Prtry>CSDC</Prtry>
</LclInstrm>
<CtgyPurp>
<Prtry>001</Prtry>
</CtgyPurp>
</PmtTpInf>
<IntrBkSttlmAmt Ccy="MUR">10.00</IntrBkSttlmAmt>
<ChrgBr>SLEV</ChrgBr>
<InstgAgt>
<FinInstnId>
<BICFI>TSTAMUMU</BICFI>
</FinInstnId>
</InstgAgt>
<InstdAgt>
<FinInstnId>
<BICFI>TSTBMUMU</BICFI>
</FinInstnId>
</InstdAgt>
<Dbtr>
<Nm>TSTA</Nm>
</Dbtr>
<DbtrAcct>
<Id>
<Othr>
<Id>123456789003214</Id>
</Othr>
</Id>
</DbtrAcct>
<DbtrAgt>
<FinInstnId>
<BICFI>TSTAMUMU</BICFI>
</FinInstnId>
</DbtrAgt>
<DbtrAgtAcct>
<Id>
<Othr>
<Id>TSTANRT</Id>
</Othr>
</Id>
</DbtrAgtAcct>
<CdtrAgt>
<FinInstnId>
<BICFI>TSTBMUMU</BICFI>
</FinInstnId>
</CdtrAgt>
<CdtrAgtAcct>
<Id>
<Othr>
<Id>TSTBNRT</Id>
</Othr>
</Id>
</CdtrAgtAcct>
<Cdtr>
<Nm>TSTB</Nm>
</Cdtr>
<CdtrAcct>
<Id>
<Othr>
<Id>123456789</Id>
</Othr>
</Id>
</CdtrAcct>
</CdtTrfTxInf>
</FIToFICstmrCdtTrf>
</Document>
</Body>
</DataPDU>